@online{tyledothihoa,
    title = {{Đô thị hóa là gì? Tỷ lệ đô thị hoá các tỉnh thành ở Việt Nam}},
    author = {{Linh Trang}},
    month = 9,
    year = 2023,
    url = {https://luatvietnam.vn/linh-vuc-khac/do-thi-hoa-la-gi-883-95528-article.html},
    urldate = {2023-12-12}
}

@online{phunu,
    title = {{Nhu cầu thuê nhà trọ tăng mạnh}},
    author = {{Ngọc Bích}},
    month = 8,
    year = 2022,
    url = {https://www.phunuonline.com.vn/nhu-cau-thue-phong-tro-tang-manh-a1471591.html},
    urldate = {2023-12-12}
}

@online{ktmt,
    title = {{Thị trường phòng trọ cho thuê đang diễn biến như thế nào?}},
    author = {{Bùi Hằng}},
    month = 8,
    year = 2022,
    url = {https://kinhtemoitruong.vn/thi-truong-phong-tro-cho-thue-dang-dien-bien-nhu-the-nao-69774.html},
    urldate = {2023-12-12}
}

@online{smartphone2022,
    title = {{Có bao nhiêu người sở hữu điện thoại thông minh vào năm 2022?}},
    author = {{Ngọc Linh}},
    month = 4,
    year = 2022,
    url = {https://vtv.vn/cong-nghe/co-bao-nhieu-nguoi-so-huu-dien-thoai-thong-minh-vao-nam-2022-20220418121902547.html},
    urldate = {2023-12-12}
}

@online{vnsmartphone,
    title = {{Việt Nam hiện có 93,5 triệu thuê bao sử dụng smartphone}},
    author = {{Sở thông tin và truyền thông Hà Tĩnh}},
    month = 3,
    year = 2022,
    url = {https://ict.hatinh.gov.vn/viet-nam-hien-co-93-5-trieu-thue-bao-su-dung-smartphone-1648721058.html},
    urldate = {2023-12-12}
}

@online{chienluoc,
    title = {{Chiến lược quốc gia phát triển kinh tế số và xã hội số đến năm 2025, định hướng đến năm 2030}},
    author = {{Giang Phạm}},
    month = 4,
    year = 2022,
    url = {https://mic.gov.vn/mic_2020/Pages/TinTuc/153290/Chien-luoc-quoc-gia-phat-trien-kinh-te-so-va-xa-hoi-so-den-nam-2025--dinh-huong-den-nam-2030.html},
    urldate = {2023-12-12}
}

@online{cascade,
    title = {{Cascade Delete}},
    author = {{Microsoft}},
    month = 8,
    year = 2021,
    url = {https://learn.microsoft.com/en-us/ef/core/saving/cascade-delete},
    urldate = {2023-12-12}
}

@online{softdelete,
    title = {{To Delete or to Soft Delete, That is the Question!}},
    author = {{Andrey Belyaev}},
    year = 2019,
    url = {https://www.jmix.io/blog/to-delete-or-to-soft-delete-that-is-the-question},
    urldate = {2023-12-12}
}

@online{rn,
    title = {{React Native hoạt động như thế nào ?}},
    author = {{Điệp Trần}},
    month = 4,
    year = 2018,
    url = {https://viblo.asia/p/react-native-hoat-dong-nhu-the-nao-aWj53OO856m},
    urldate = {2023-12-12}
}

@online{redux,
    title = {{Redux là gì? Tìm hiểu Redux cơ bản cho người mới bắt đầu}},
    author = {{Lam Vu Hoang}},
    month = 8,
    year = 2023,
    url = {https://200lab.io/blog/redux-la-gi},
    urldate = {2023-12-12}
}

@online{reduxstate,
    title = {{Redux State, Action and Reducer}},
    author = {{Redux Organization}},
    month = 4,
    year = 2023,
    url = {https://redux.js.org/tutorials/fundamentals/part-2-concepts-data-flow},
    urldate = {2023-12-12}
}

@online{reduxtoolkit,
    title = {{Redux Toolkit Usage Guide}},
    author = {{Redux Organization}},
    month = 11,
    year = 2023,
    url = {https://redux-toolkit.js.org/usage/usage-guide},
    urldate = {2023-12-12}
}

@online{nodejs,
    title = {{What is Node.js?}},
    author = {{Parth Rastogi}},
    month = 5,
    year = 2023,
    url = {https://www.scaler.com/topics/nodejs/what-is-node-js},
    urldate = {2023-12-12}
}

@online{nestjs,
    title = {{About NestJS}},
    author = {{NestJS org}},
    year = 2023,
    url = {https://docs.nestjs.com},
    urldate = {2023-12-12}
}

@online{prisma,
    title = {{All about Prisma}},
    author = {{Prisma}},
    year = 2023,
    url = {https://www.prisma.io/docs},
    urldate = {2023-12-12}
}

@online{jwt,
    title = {{JSON Web Token Tutorial: An Example in Laravel and AngularJS}},
    author = {{Tino Tkalec}},
    year = 2023,
    url = {https://www.toptal.com/web/cookie-free-authentication-with-json-web-tokens-an-example-in-laravel-and-angularjs},
    urldate = {2023-12-12}
}

@online{airbnb,
    title = {{Airbnb Là Gì? Tìm Hiểu Về Airbnb Việt Nam}},
    author = {{Le Viet}},
    month = 12,
    year = 2017,
    url = {https://www.linkedin.com/pulse/airbnb-l%C3%A0-g%C3%AC-t%C3%ACm-hi%E1%BB%83u-v%E1%BB%81-vi%E1%BB%87t-nam-le-viet},
    urldate = {2023-12-12}
}

@online{airbnbstat,
    title = {{Doanh số của AirBnB bùng nổ: Minh chứng cho sự trở lại mạnh mẽ của du lịch toàn cầu}},
    author = {{Phạm Tiến Đạt}},
    month = 5,
    year = 2022,
    url = {https://cafebiz.vn/doanh-so-cua-airbnb-bung-no-minh-chung-cho-su-tro-lai-manh-me-cua-du-lich-toan-cau-20220528091641357.chn},
    urldate = {2023-12-12}
}

@online{batdongsan,
    title = {{Batdongsan.com.vn công bố thay mới nhận diện thương hiệu}},
    author = {{Doãn Phong}},
    month = 11,
    year = 2021,
    url = {https://vietnamnet.vn/batdongsancomvn-cong-bo-thay-moi-nhan-dien-thuong-hieu-788848.html},
    urldate = {2023-12-12}
}

@online{nhatot,
    title = {{Chợ Tốt ra mắt nền tảng công nghệ bất động sản Nhà Tốt}},
    author = {{CafeTek}},
    month = 3,
    year = 2023,
    url = {https://cafetek.vn/cho-tot-ra-mat-nen-tang-cong-nghe-bat-dong-san-nha-tot/},
    urldate = {2023-12-12}
}

@online{bieudodothihoa,
    title = {{Tỷ lệ đô thị hóa toàn quốc đạt 40,4%}},
    author = {{Thông Tấn Xã Việt Nam}},
    month = 7,
    year = 2021,
    url = {https://infographics.vn/ty-le-do-thi-hoa-toan-quoc-dat-404/20902.vna},
    urldate = {2023-12-12}
}

@online{bangdothihoa,
    title = {{Tỷ lệ phát triển đô thị hóa 63 tỉnh thành phố Việt Nam}},
    author = {{Kavi Group}},
    month = 3,
    year = 2023,
    url = {https://www.kavigroup.vn/News/NewsDetail.aspx?zoneid=115&NewsID=209},
    urldate = {2023-12-12}
}

@online{tangtruongsmartphone,
    title = {{Lượng người dùng smartphone tại Việt Nam ước đứng thứ hai Đông Nam Á vào năm 2026, thuộc top nhiều nhất thế giới}},
    author = {{VietnamBiz}},
    month = 5,
    year = 2023,
    url = {https://vietnambiz.vn/luong-nguoi-dung-smartphone-tai-viet-nam-uoc-dung-thu-hai-dong-nam-a-vao-nam-2026-thuoc-top-nhieu-nhat-the-gioi-202359104330221.htm},
    urldate = {2023-12-12}
}

@online{4709221,
  author={Ma, Yinglong and Jin, Beihong and Zhang, Shipeng},
  booktitle={2008 The 9th International Conference for Young Computer Scientists}, 
  title={A Hybrid Model for Distributed Semantic Queries}, 
  year={2008},
  volume={},
  number={},
  pages={1653-1658},
  keywords={Ontologies;Resource description framework;Distributed computing;Humans;Space technology;Power engineering computing;Computer science;Software engineering;Performance evaluation;Multiagent systems;ontology;multi-agent system;distributed semantic query},
  doi={10.1109/ICYCS.2008.10}}

@online{inproceedings,
author = {Bhagdev, Ravish and Chapman, Sam and Ciravegna, Fabio and Lanfranchi, Vitaveska and Petrelli, Daniela},
year = {2008},
month = {06},
pages = {554-568},
title = {Hybrid Search: Effectively Combining Keywords and Semantic Searches},
isbn = {978-3-540-68233-2},
doi = {10.1007/978-3-540-68234-9_41}
}